<record><leader>00000cas a22000007a 4500</leader><controlfield tag="001">13219614</controlfield><controlfield tag="008">860301d18981912hiuir ne      0    0jpn d</controlfield><datafield ind1=" " ind2=" " tag="010"><subfield code="a">sn 85047288 </subfield></datafield><datafield ind1=" " ind2=" " tag="040"><subfield code="a">HWN</subfield><subfield code="b">eng</subfield><subfield code="c">HWN</subfield><subfield code="d">OCL</subfield><subfield code="d">OCLCQ</subfield><subfield code="d">OCLCF</subfield><subfield code="d">OCLCO</subfield><subfield code="d">OCL</subfield></datafield><datafield ind1="1" ind2=" " tag="029"><subfield code="a">AU@</subfield><subfield code="b">000015750719</subfield></datafield><datafield ind1=" " ind2=" " tag="042"><subfield code="a">msc</subfield></datafield><datafield ind1=" " ind2=" " tag="043"><subfield code="a">n-us-hi</subfield></datafield><datafield ind1="0" ind2="0" tag="245"><subfield code="a">Hiro shinpo&#772; =</subfield><subfield code="b">The Hilo shimpo.</subfield></datafield><datafield ind1="3" ind2="1" tag="246"><subfield code="a">Hilo shimpo</subfield></datafield><datafield ind1=" " ind2=" " tag="260"><subfield code="a">Hawai-to&#772; Hiro-shi :</subfield><subfield code="b">Hiro Shinbun Sha</subfield></datafield><datafield ind1=" " ind2=" " tag="300"><subfield code="a">v. :</subfield><subfield code="b">ill. ;</subfield><subfield code="c">56 cm.</subfield></datafield><datafield ind1=" " ind2=" " tag="310"><subfield code="a">Three issues per wk.</subfield></datafield><datafield ind1="1" ind2=" " tag="362"><subfield code="a">Began in Dec. 1898; ceased in 1912.</subfield><subfield code="z">Cf. Sakamaki, S. Hist. of the Japanese press in Hawaii.</subfield></datafield><datafield ind1=" " ind2=" " tag="546"><subfield code="a">In Japanese.</subfield></datafield><datafield ind1=" " ind2=" " tag="588"><subfield code="a">Description based on: No. 1309 (Feb. 20, 1909).</subfield></datafield><datafield ind1=" " ind2="0" tag="650"><subfield code="a">Japanese periodicals</subfield><subfield code="z">Hawaii.</subfield></datafield><datafield ind1=" " ind2="7" tag="650"><subfield code="a">Japanese periodicals.</subfield><subfield code="2">fast</subfield><subfield code="0">(OCoLC)fst00981888</subfield></datafield><datafield ind1=" " ind2="7" tag="651"><subfield code="a">Hawaii.</subfield><subfield code="2">fast</subfield><subfield code="0">(OCoLC)fst01208724</subfield></datafield><datafield ind1=" " ind2=" " tag="752"><subfield code="a">United States</subfield><subfield code="b">Hawaii</subfield><subfield code="c">Hawaii</subfield><subfield code="d">Hilo.</subfield></datafield></record>